<record><leader>00000cas a2200000 a 4500</leader><controlfield tag="001">45564807</controlfield><controlfield tag="008">001214d183u183unyudn ne      0    0eng c</controlfield><datafield ind1=" " ind2=" " tag="010"><subfield code="a">sn 00063031 </subfield></datafield><datafield ind1=" " ind2=" " tag="040"><subfield code="a">NYS</subfield><subfield code="b">eng</subfield><subfield code="c">NYS</subfield><subfield code="d">OCLCQ</subfield><subfield code="d">OCLCF</subfield><subfield code="d">OCLCO</subfield></datafield><datafield ind1="1" ind2=" " tag="029"><subfield code="a">AU@</subfield><subfield code="b">000022275975</subfield></datafield><datafield ind1=" " ind2=" " tag="042"><subfield code="a">pcc</subfield></datafield><datafield ind1=" " ind2=" " tag="043"><subfield code="a">n-us-ny</subfield></datafield><datafield ind1="0" ind2=" " tag="130"><subfield code="a">Transcript (New York, N.Y. : Daily)</subfield></datafield><datafield ind1="1" ind2="0" tag="245"><subfield code="a">Transcript.</subfield></datafield><datafield ind1=" " ind2=" " tag="260"><subfield code="a">New York [N.Y.] :</subfield><subfield code="b">William J. Stanley</subfield></datafield><datafield ind1=" " ind2=" " tag="300"><subfield code="a">v. :</subfield><subfield code="b">ill.</subfield></datafield><datafield ind1=" " ind2=" " tag="310"><subfield code="a">Daily (except Sunday)</subfield></datafield><datafield ind1=" " ind2=" " tag="588"><subfield code="a">Description based on: Vol. 6, no. 51 (May 31, 1837).</subfield></datafield><datafield ind1=" " ind2=" " tag="588"><subfield code="a">Latest issue consulted: Vol. 7, no. 66 (June 23, 1838).</subfield></datafield><datafield ind1=" " ind2="0" tag="651"><subfield code="a">New York (N.Y.)</subfield><subfield code="v">Newspapers.</subfield></datafield><datafield ind1=" " ind2="0" tag="651"><subfield code="a">New York County (N.Y.)</subfield><subfield code="v">Newspapers.</subfield></datafield><datafield ind1=" " ind2="7" tag="655"><subfield code="a">Newspapers.</subfield><subfield code="2">fast</subfield><subfield code="0">(OCoLC)fst01423814</subfield></datafield><datafield ind1=" " ind2="7" tag="651"><subfield code="a">New York (State)</subfield><subfield code="z">New York.</subfield><subfield code="2">fast</subfield><subfield code="0">(OCoLC)fst01204333</subfield></datafield><datafield ind1=" " ind2="7" tag="651"><subfield code="a">New York (State)</subfield><subfield code="z">New York County.</subfield><subfield code="2">fast</subfield><subfield code="0">(OCoLC)fst01234953</subfield></datafield><datafield ind1=" " ind2=" " tag="752"><subfield code="a">United States</subfield><subfield code="b">New York</subfield><subfield code="c">New York</subfield><subfield code="d">New York.</subfield></datafield><datafield ind1="0" ind2=" " tag="775"><subfield code="t">Transcript (New York, N.Y. : Weekly)</subfield><subfield code="w">(DLC)sn 89071072</subfield><subfield code="w">(OCoLC)19370898</subfield></datafield><datafield ind1="0" ind2=" " tag="775"><subfield code="t">Weekly transcript (New York, N.Y.)</subfield><subfield code="w">(DLC)sn 83030664</subfield><subfield code="w">(OCoLC)9625184</subfield></datafield><datafield ind1="0" ind2=" " tag="775"><subfield code="t">New York transcript for the country</subfield><subfield code="w">(DLC)sn 85026731</subfield><subfield code="w">(OCoLC)12437981</subfield></datafield><datafield ind1="0" ind2="0" tag="780"><subfield code="t">New York transcript (New York, N.Y. : 1834)</subfield><subfield code="w">(DLC)sn 83030665</subfield><subfield code="w">(OCoLC)9625334</subfield></datafield><datafield ind1="0" ind2="0" tag="785"><subfield code="t">New York transcript (New York, N.Y. : 1839)</subfield><subfield code="w">(DLC)sn 00063032</subfield><subfield code="w">(OCoLC)45566366</subfield></datafield></record>